% Encoding: UTF-8

@Misc{MeteoSchweizFeuchte,
  author       = {MeteoSchweiz},
  title        = {Standardnormwerte 1961-1990: Relative Luftfeuchtigkeit 2m},
  year         = {2016},
  howpublished = {Online},
  note         = {Abgerufen am: 5. Oktober 2018, 15:33},
  url          = {https://www.meteoschweiz.admin.ch/product/input/climate-data/normwerte-pro-messgroesse/np6190/nvrep_np6190_ure200m0_d.pdf},
}

@Misc{MeteoSchweizDruck,
  author       = {MeteoSchweiz},
  title        = {Normwerte 1981-2010: Luftdruck auf Stationsh√∂he},
  year         = {2016},
  howpublished = {Online},
  note         = {Abgerufen am: 10. Oktober 2018, 19:47},
  url          = {https://www.meteoschweiz.admin.ch/product/input/climate-data/normwerte-pro-messgroesse/np8110/nvrep_np8110_prestam0_d.pdf},
}

@Misc{MeteoSchweizWindnorm,
  author       = {MeteoSchweiz},
  title        = {Normwerte 1981-2010: Windgeschwindigkeit skalar},
  year         = {2018},
  howpublished = {Online},
  note         = {Abgerufen am: 09. Oktober 2018, 09:58},
  url          = {https://www.meteoschweiz.admin.ch/product/input/climate-data/normwerte-pro-messgroesse/np8110/nvrep_np8110_fkl010m0_d.pdf},
}

@Misc{MeteoSchweizExtrem,
  author       = {MeteoSchweiz},
  title        = {Rekorde und Extreme},
  year         = {2018},
  howpublished = {Online},
  note         = {Abgerufen am: 09. Oktober 2018, 09:53},
  url          = {https://www.meteoschweiz.admin.ch/home/klima/klima-der-schweiz/rekorde-und-extreme.html},
}

@Misc{WikiDruck,
  author       = {Wikipedia},
  title        = {Drucksensor},
  year         = {2018},
  howpublished = {Online},
  note         = {Abgerufen am: 10. Oktober 2018, 20:01},
  url          = {https://de.wikipedia.org/wiki/Drucksensor},
}

@Comment{jabref-meta: databaseType:biblatex;}

% Encoding: UTF-8
